This file was created with JabRef 1.7.
Encoding: ISO8859_1

@STRING{ACJ = {Australian Computer Journal}}

@STRING{ADT = {Application Development Trends}}

@STRING{AI = {Artificial Intelligence}}

@STRING{AJIS = {Australian Journal of Information Systems}}

@STRING{CACM = {Communications of the ACM}}

@STRING{CJ = {The Computer Journal}}

@STRING{Database = {ACM SIGMIS Database}}

@STRING{DBMS = {DBMS Magazine}}

@STRING{DBPD = {Database Programming {\&} Design}}

@STRING{develop = {{d}evelop, The Apple Technical Journal}}

@STRING{Directions = {Apple Directions}}

@STRING{DKE = {Data {\&} Knowledge Engineering}}

@STRING{EJIS = {European Journal of Information Systems}}

@STRING{IDT = {Internet Development Trends}}

@STRING{IJAST = {International Journal of Applied Software Technology}}

@STRING{IJGIS = {International Journal of Geographical Information Systems}}

@STRING{IJHCS = {International Journal of Human-Computer Studies}}

@STRING{IJMMS = {International Journal of Man-Machine Studies}}

@STRING{IJSEKE = {International Journal of Software Engineering and Knowledge Engineering}}

@STRING{IS = {Information Systems}}

@STRING{ISJ = {Information Systems Journal}}

@STRING{IST = {Information and Software Technology}}

@STRING{JACM = {Journal of the ACM}}

@STRING{JLP = {Journal of Logic Programming}}

@STRING{JOT = {Journal of Object Technology}}

@STRING{JSS = {Journal of Systems and Software}}

@STRING{LNCS = {Lecture Notes in Computer Science}}

@STRING{MISQ = {MIS Quarterly}}

@STRING{NZJC = {New Zealand Journal of Computing}}

@STRING{NZJIS = {New Zealand Journal of Information Systems}}

@STRING{Oracle = {Oracle Magazine}}

@STRING{Reg = {{\scriptsize\textsuperscript{\textregistered}}}}

@STRING{SEJ = {Software Engineering Journal}}

@STRING{SIGMOD = {ACM SIGMOD Record}}

@STRING{SPE = {Software---Practice and Experience}}

@STRING{Surveys = {ACM Computing Surveys}}

@STRING{TKDE = {IEEE Transactions on Knowledge and Data Engineering}}

@STRING{TM = {{\scriptsize\texttrademark}}}

@STRING{TODS = {ACM Transactions on Database Systems}}

@STRING{TOSE = {IEEE Transactions on Software Engineering}}

@STRING{VLDB = {The VLDB Journal}}

@ARTICLE{Bati-C-1986,
  author = {Carlo Batini and Maurizio Lenzerini and Shamkant B. Navathe},
  title = {A comparative analysis of methodologies for database schema integration},
  journal = Surveys,
  year = {1986},
  volume = {18},
  pages = {323--364},
  number = {4},
  month = dec,
  note = {Yet to be read.},
  doi = {doi:10.1145/27633.27634},
  pdf = {B/Bati-C-1986.pdf},
}

@INPROCEEDINGS{Beck-R-2002-Bled,
  author = {Roman Beck and Tim Weitzel and Wolfgang K\"{o}nig},
  title = {Promises and pitfalls of {SME} integration},
  booktitle = {{eR}eality: Constructing the {eE}conomy, Proceedings of the Fifteenth Bled Electronic Commerce Conference},
  year = {2002},
  address = {Bled, Slovenia},
  month = jun # {~17--19},
  pdf = {B/Beck-R-2002-Bled.pdf},
  url = {http://www.wi-frankfurt.de/publikationen/publikation304.pdf},
}

@TECHREPORT{Bern-T-1999-W3C,
  author = {Tim Berners-Lee and Dan Connolly and Ralph R. Swick},
  title = {Web Architecture: Describing and Exchanging Data},
  institution = {World Wide Web Consortium},
  year = {1999},
  type = {W3C Note},
  month = {7~} # jun,
  pdf = {B/Bern-T-1999-W3C.pdf},
  url = {http://www.w3.org/1999/04/WebData},
}

@BOOK{Bern-T-1999-WWW,
  title = {Weaving the Web: The Past, Present and Future of the World Wide Web by its Inventor},
  publisher = {Orion Business},
  year = {1999},
  author = {Tim Berners-Lee and Mark Fischetti},
  address = {London},
  comment = {Available in the Science Library (TK 5105.888.BG98).},
  isbn = {0752820907},
}

@ARTICLE{Bern-T-2001-SciAm,
  author = {Tim Berners-Lee and James Hendler and Ora Lassila},
  title = {The {S}emantic {W}eb},
  journal = {Scientific American},
  year = {2001},
  volume = {284},
  pages = {34--43},
  number = {5},
  month = may,
  pdf = {B/Bern-T-2001-SciAm.pdf},
  url = {http://www.scientificamerican.com/linktous.cfm?articleID=00048144-10D2-1C70-84A9809EC588EF21},
}

@INPROCEEDINGS{Calv-D-1998-CoopIS,
  author = {Diego Calvanese and Giuseppe De Giacomo and Maurizio Lenzerini and Daniele Nardi and Riccardo Rosati},
  title = {Information integration: Conceptual modeling and reasoning support},
  booktitle = {Proceedings of the Third IFCIS International Conference on Cooperative Information Systems (CoopIS'98)},
  year = {1998},
  pages = {280--291},
  address = {New York},
  month = aug # {~20--22},
  organization = {Sponsored by IFCIS, The International Foundation on Cooperative Information Systems},
  publisher = {IEEE Computer Society Press, Los Alamitos, CA},
  pdf = {C/Calv-D-1998-CoopIS.pdf},
  url = {http://csdl.computer.org/comp/proceedings/coopis/1998/8380/00/8380toc.htm},
}

@INPROCEEDINGS{Guo-J-2003-DocEng,
  author = {Jingzhi Guo and Chengzheng Sun},
  title = {Context representation, transformation and comparison for ad hoc product data exchange},
  booktitle = {Proceedings of the 2003 ACM Symposium on Document Engineering (DocEng '03)},
  year = {2003},
  pages = {121--130},
  address = {Grenoble, France},
  month = nov # {~20--22},
  publisher = {ACM Press, New York},
  doi = {doi:10.1145/958220.958244},
  pdf = {G/Guo-J-2003-DocEng.pdf},
}

@ARTICLE{Haas-LM-1999-DEB,
  author = {Laura M. Haas and Ren{\'{e}}e J. Miller and B. Niswonger and Mary Tork Roth and Peter M. Schwarz and Edward L. Wimmers},
  title = {Transforming heterogeneous data with database middleware: Beyond integration},
  journal = {IEEE Data Engineering Bulletin},
  year = {1999},
  volume = {22},
  pages = {31--36},
  number = {1},
  month = mar,
  pdf = {H/Haas-LM-1999-DEB.pdf},
  url = {http://sites.computer.org/debull/99mar/ibm.ps},
}

@TECHREPORT{ISO-2001-9126-1,
  author = {ISO},
  title = {Software {E}ngineering---{P}roduct {Q}uality---{P}art 1: {Q}uality {M}odel},
  institution = {International Organisation for Standardisation (ISO)},
  year = {2001},
  type = {International standard},
  number = {ISO 9126-1:2001},
  address = {Geneva, Switzerland},
}

@INPROCEEDINGS{Koiv-MR-2001-W3C,
  author = {Marja-Riitta Koivunen and Eric Miller},
  title = {W3C Semantic Web activity},
  booktitle = {Semantic Web Kick-Off in Finland: Vision, Technologies, Research, and Applications},
  year = {2001},
  editor = {Eero Hyv{\"{o}}nen},
  pages = {27--43},
  address = {Helsinki, Finland},
  month = nov # {~2},
  publisher = {Helsinki Institute for Information Technology, Helsinki, Finland},
  pdf = {K/Koiv-MR-2001-W3C.pdf},
  url = {http://www.w3.org/2001/12/semweb-fin/w3csw},
}

@TECHREPORT{Mano-F-2004-RDF,
  author = {Frank Manola and Eric Miller and Brian McBride},
  title = {RDF Primer},
  institution = {World Wide Web Consortium},
  year = {2004},
  type = {W3C Recommendation},
  month = {10~} # feb,
  pdf = {M/Mano-F-2004-RDF.pdf},
  url = {http://www.w3.org/TR/rdf-primer/},
}

@TECHREPORT{McGu-DL-2004-OWL,
  author = {Deborah L. McGuinness and Frank van Harmelen},
  title = {OWL Web Ontology Language: Overview},
  institution = {World Wide Web Consortium},
  year = {2004},
  type = {W3C Recommendation},
  month = {10~} # feb,
  pdf = {M/McGu-DL-2004-OWL.pdf},
  url = {http://www.w3.org/TR/2004/REC-owl-features-20040210/},
}

@TECHREPORT{Mead-B-2004-UBL,
  author = {Bill Meadows and Lisa Seaburg},
  title = {Universal Business Language 1.0},
  institution = {Organization for the Advancement of Structured Information Standards (OASIS)},
  year = {2004},
  type = {OASIS Committee Draft},
  number = {cd-UBL-1.0},
  address = {Billerica, MA},
  month = {15~} # sep,
  url = {http://docs.oasis-open.org/ubl/cd-UBL-1.0/},
}

@ARTICLE{Medj-B-2003-VLDB,
  author = {Brahim Medjahed and Boualem Benatallah and Athman Bouguettaya and Anne H. H. Ngu and Ahmed K. Elmagarmid},
  title = {Business-to-business interactions: Issues and enabling technologies},
  journal = VLDB,
  year = {2003},
  volume = {12},
  pages = {59-85},
  number = {1},
  month = may,
  doi = {doi:10.1007/s00778-003-0087-z},
  pdf = {M/Medj-B-2003-VLDB.pdf},
}

@TECHREPORT{Nott-M-2005-Atom,
  author = {M. Nottingham and R. Sayre},
  title = {The Atom Syndication Format},
  institution = {Internet Engineering Task Force},
  year = {2005},
  type = {IETF Internet-Draft},
  number = {draft-ietf-atompub-format-06},
  month = mar # {~12},
  note = {Expires: September 13, 2005},
  url = {http://www.ietf.org/internet-drafts/draft-ietf-atompub-format-06.txt},
}

@BOOK{Powe-S-2003-RDF,
  title = {Practical RDF},
  publisher = {O'Reilly {\&} Associates},
  year = {2003},
  author = {Shelley Powers},
  address = {Sebastopol, CA},
}

@ARTICLE{Somm-RA-2002-SIGMOD,
  author = {Rainer A. Sommer and Thomas R. Gulledge and David Bailey},
  title = {The n-tier hub technology},
  journal = SIGMOD,
  year = {2002},
  volume = {31},
  pages = {18--23},
  number = {1},
  month = mar,
  doi = {doi:10.1145/507338.507343},
  pdf = {S/Somm-RA-2002-SIGMOD.pdf},
}

@INPROCEEDINGS{Ston-M-2001-SIGMOD,
  author = {Michael Stonebraker and Joseph M. Hellerstein},
  title = {Content integration for {E}-{B}usiness},
  booktitle = {Proceedings of the 2001 ACM SIGMOD International Conference on Management of Data (SIGMOD '01)},
  year = {2001},
  editor = {Walid G. Aref},
  pages = {552--560},
  address = {Santa Barbara, CA},
  month = may # {~21--24},
  publisher = {ACM Press, New York, NY},
  doi = {doi:10.1145/375663.375739},
  pdf = {S/Ston-M-2001-SIGMOD.pdf},
}

@INPROCEEDINGS{vaHe-E-1999-EDI,
  author = {van Heck, Eric and Pieter M. Ribbers},
  title = {The adoption and impact of {EDI} in {D}utch {SME's}},
  booktitle = {Proceedings of the Thirty-Second Annual Hawaii International Conference on System Sciences (HICSS-32)},
  year = {1999},
  volume = {7},
  pages = {7061},
  address = {Maui, Hawaii},
  month = {5--8~} # jan,
  publisher = {IEEE Computer Society Press, Los Alamitos, CA},
  pdf = {V/vaHe-E-1999-EDI.pdf},
  url = {http://csdl.computer.org/comp/proceedings/hicss/1999/0001/07/00017061abs.htm},
}

@INPROCEEDINGS{Wied-G-1993-SIGMOD,
  author = {Gio Wiederhold},
  title = {Intelligent integration of information},
  booktitle = {Proceedings of the 1993 ACM SIGMOD International Conference on Management of Data (SIGMOD '93)},
  year = {1993},
  editor = {Peter Buneman and Sushil Jajodia},
  volume = {22},
  number = {2},
  series = {SIGMOD Record},
  pages = {434--437},
  address = {Washington, D. C.},
  month = may # {~26--28},
  publisher = {ACM Press, New York, NY},
  doi = {doi:10.1145/170035.170118},
  ee = {db/conf/sigmod/Wiederhold93.html},
  pdf = {W/Wied-G-1993-SIGMOD.pdf},
}

@INPROCEEDINGS{Yu-C-2004-SIGMOD,
  author = {Cong Yu and Lucian Popa},
  title = {Constraint-based {XML} query rewriting for data integration},
  booktitle = {Proceedings of the 2004 ACM SIGMOD International Conference on Management of Data},
  year = {2004},
  editor = {Gerhard Weikum and Arnd Christian K{\"{o}}nig and Stefan De{\ss}loch},
  pages = {371--382},
  address = {Paris, France},
  month = jun # {~13--18},
  publisher = {ACM Press, New York, NY},
  doi = {doi:10.1145/1007568.1007611},
  pdf = {Y/Yu-C-2004-SIGMOD.pdf},
}

@BOOK{Fens-D-2003,
  title = {Spinning the Semantic Web},
  publisher = {MIT Press},
  year = {2003},
  editor = {Dieter Fensel},
  address = {Cambridge, Masachusetts},
}

