This file was created with JabRef 2.1 beta.
Encoding: ISO8859_1

@STRING{acj = {Australian Computer Journal}}

@STRING{adt = {Application Development Trends}}

@STRING{ai = {Artificial Intelligence}}

@STRING{ajis = {Australian Journal of Information Systems}}

@STRING{cacm = {Commun.\ ACM}}

@STRING{cj = {Comput.\ J.}}

@STRING{database = {ACM SIGMIS Database}}

@STRING{dbms = {DBMS Magazine}}

@STRING{dbpd = {Database Programming {\&} Design}}

@STRING{develop = {{d}evelop, The Apple Technical Journal}}

@STRING{directions = {Apple Directions}}

@STRING{dke = {Data {\&} Knowledge Engineering}}

@STRING{ejis = {European Journal of Information Systems}}

@STRING{idt = {Internet Development Trends}}

@STRING{ieeec = {IEEE Comput.}}

@STRING{ieees = {IEEE Softw.}}

@STRING{ijast = {International Journal of Applied Software Technology}}

@STRING{ijgis = {International Journal of Geographical Information Systems}}

@STRING{ijhcs = {International Journal of Human-Computer Studies}}

@STRING{ijmms = {International Journal of Man-Machine Studies}}

@STRING{ijseke = {International Journal of Software Engineering and Knowledge Engineering}}

@STRING{is = {Information Systems}}

@STRING{isj = {Information Systems Journal}}

@STRING{ist = {Inf.\ Softw.\ Tech.}}

@STRING{jacm = {Journal of the ACM}}

@STRING{jlp = {Journal of Logic Programming}}

@STRING{jot = {Journal of Object Technology}}

@STRING{jss = {J.\ Syst.\ Softw.}}

@STRING{lncs = {Lecture Notes in Computer Science}}

@STRING{misq = {MIS Quarterly}}

@STRING{nzjc = {New Zealand Journal of Computing}}

@STRING{nzjis = {New Zealand Journal of Information Systems}}

@STRING{oracle = {Oracle Magazine}}

@STRING{reg = {\scriptsize\textsuperscript{\textregistered}}}

@STRING{sej = {Software Engineering Journal}}

@STRING{sigmod = {ACM SIGMOD Record}}

@STRING{spe = {Software---Practice and Experience}}

@STRING{surveys = {ACM Comput.\ Surv.}}

@STRING{tkde = {IEEE Trans.\ Knowl.\ Data Eng.}}

@STRING{tm = {\scriptsize\texttrademark}}

@STRING{tocs = {ACM Trans.\ Comput. Syst.}}

@STRING{tods = {ACM Trans.\ Database Syst.}}

@STRING{toit = {ACM Trans.\ Internet Tech.}}

@STRING{tose = {IEEE Trans.\ Softw.\ Eng.}}

@STRING{tweb = {ACM Trans.\ Web}}

@STRING{vldb = {The VLDB Journal}}

@INCOLLECTION{Beau-JR-1991-GIS,
  author = {J.\ R.\ Beaumont},
  title = {{GIS} and market analysis},
  booktitle = {Geographical Information Systems, Volume 2: Applications},
  publisher = {Longman},
  year = {1991},
  editor = {David J.\ Maguire and Michael F.\ Goodkind and David W.\ Rhind},
  chapter = {45},
  pages = {139--151},
  address = {Harlow, UK},
  timestamp = {2006.07.11}
}

@BOOK{Dodg-M-2001-cybermap,
  title = {Mapping cyberspace},
  publisher = {Routledge},
  year = {2001},
  author = {Martin Dodge and Rob Kitchin},
  address = {London, UK},
  timestamp = {2006.07.04}
}

@MISC{IP2L-C-2006-GeoIP,
  author = {IP2Location},
  title = {{IP2L}ocation} # tm # {: {B}ringing geography to the {I}nternet},
  howpublished = {\url{http://www.ip2location.com/}, IP2Location.com},
  month = jul,
  year = {2006},
  note = {Accessed on 18 July 2006.},
  timestamp = {2006.07.18},
  url = {http://www.ip2location.com/}
}

@ARTICLE{Lamm-SE-1996-webvis,
  author = {Stephen E.\ Lamm and Daniel A.\ Reed and Will H.\ Scullin},
  title = {Real-time geographic visualization of {W}orld {W}ide {W}eb traffic},
  journal = {Computer Networks and ISDN Systems},
  year = {1996},
  volume = {28},
  pages = {1457--1468},
  number = {7--11},
  month = may,
  doi = {doi:10.1016/0169-7552(96)00055-4},
  pdf = {L/Lamm-SE-1996-webvis.pdf},
  timestamp = {2006.07.18}
}

@MISC{Maxm-G-2006-GeoIP,
  author = {Maxmind},
  title = {Geo{IP}: {IP} address location technology},
  howpublished = {\url{http://www.maxmind.com/app/ip-location}, Maxmind LLC},
  month = jul,
  year = {2006},
  note = {Accessed on 18 July 2006.},
  timestamp = {2006.07.18},
  url = {http://www.maxmind.com/app/ip-location}
}

@MISC{Maxm-G-2006-GeoLiteCity,
  author = {Maxmind},
  title = {Geo{L}ite {C}ity: Free {IP} address to city database},
  howpublished = {\url{http://www.maxmind.com/app/geolitecity}, Maxmind LLC},
  month = jul,
  year = {2006},
  note = {Accessed on 18 July 2006.},
  timestamp = {2006.07.18},
  url = {http://www.maxmind.com/app/geolitecity}
}

@INPROCEEDINGS{Papa-N-1998-Palantir,
  author = {Nektarios Papadakakis and Evangelos P.\ Markatos and Athanasios E.\
	Papathanasiou},
  title = {Palantir: {A} visualization tool for the {W}orld {W}ide {W}eb},
  booktitle = {Proceedings of the INET'98 Conference},
  year = {1998},
  address = {Geneva, Switzerland},
  month = {21--24~} # jul,
  citeseerurl = {http://citeseer.ist.psu.edu/68932.html},
  pdf = {P/Papa-N-1998-Palantir.pdf},
  timestamp = {2006.07.18},
  url = {http://www.isoc.org/inet98/proceedings/1e/1e_1.htm}
}

@MISC{Sale-A-2006-stats,
  author = {Arthur Sale and Christian McGee},
  title = {Tasmania {S}tatistics {S}oftware},
  howpublished = {\url{http://eprints.comp.utas.edu.au:81/archive/00000262/},
  	University of Tasmania, Hobart, Australia},
  month = {12~} # feb,
  year = {2006},
  note = {Accessed on 7 March 2006.},
  timestamp = {2006.07.11},
  url = {http://eprints.comp.utas.edu.au:81/archive/00000262/}
}

@TECHREPORT{Stan-N-2006-running,
  author = {Nigel Stanger and Graham McGregor},
  title = {Hitting the ground running: {B}uilding {N}ew {Z}ealand's first publicly
	available institutional repository},
  institution = {Department of Information Science, University of Otago},
  year = {2006},
  type = {Discussion Paper},
  number = {2006/07},
  address = {Dunedin, New Zealand},
  month = mar,
  pdf = {S/Stan-N-2006-running.pdf},
  timestamp = {2006.07.11},
  url = {http://www.business.otago.ac.nz/infosci/pubs/papers/papers/dp2006-07.pdf}
}

@ARTICLE{MacE-AM-1998-GIS,
  author = {Alan M.\ MacEachren},
  title = {Cartography, {GIS} and the {W}orld {W}ide {W}eb},
  journal = {Progress in Human Geography},
  year = {1998},
  volume = {22},
  pages = {575--585},
  number = {4},
  month = dec,
  doi = {doi:10.1191/030913298670626440},
  pdf = {MacE-AM-1998-GIS.pdf},
  timestamp = {2006.07.18}
}

@MISC{Goog-M-2006-maps,
  author = {Google},
  title = {Google {M}aps {API}},
  howpublished = {\url{http://maps.google.com/apis/maps/}},
  year = {2006},
  note = {Accessed on 18 July 2006.},
  timestamp = {2006.07.18},
  url = {http://maps.google.com/apis/maps/}
}

@MISC{Bout-T-2004-GD,
  author = {Thomas Boutell},
  title = {{GD} {G}raphics {L}ibrary},
  howpublished = {\url{http://www.boutell.com/gd/}},
  year = {2004},
  note = {Updated on 3 November 2004; accessed on 18 July 2006.},
  timestamp = {2006.07.18},
  url = {http://www.boutell.com/gd/}
}

@ARTICLE{Offu-J-2002-quality,
  author = {Jeff Offutt},
  title = {Quality attributes of {W}eb software applications},
  journal = ieees,
  year = {2002},
  volume = {19},
  pages = {25--32},
  number = {2},
  month = mar # {/} # apr,
  doi = {doi:10.1109/52.991329},
  pdf = {O/Offu-J-2002-quality.pdf},
  timestamp = {2006.07.04}
}

@ARTICLE{Jian-B-2000-cybermap,
  author = {Bin Jiang and Ferjan Ormeling},
  title = {Mapping cyberspace: {V}isualizing, analysing and exploring virtual
	worlds},
  journal = {The Cartographic Journal},
  year = {2000},
  volume = {37},
  pages = {117--122},
  number = {2},
  month = dec,
  pdf = {J/Jian-B-2000-cybermap.pdf},
  timestamp = {2006.07.04},
  url = {http://www.hig.se/~bjg/cybermap2000.pdf}
}

@ARTICLE{Eick-SG-2001-sitevis,
  author = {Stephen G.\ Eick},
  title = {Visualizing online activity},
  journal = cacm,
  year = {2001},
  volume = {44},
  pages = {45--50},
  number = {8},
  month = aug,
  doi = {http://doi.acm.org/10.1145/381641.381710},
  pdf = {E/Eick-SG-2001-sitevis.pdf},
  timestamp = {2006.07.04}
}

@INPROCEEDINGS{Wood-J-1996-vis,
  author = {Jason Wood and Ken Brodlie and Helen Wright},
  title = {Visualization over the {W}orld {W}ide {W}eb and its application to
	environmental data},
  booktitle = {Proceedings of IEEE Visualization '96},
  year = {1996},
  editor = {Roni Yagel and Gregory M.\ Nielson},
  pages = {81--86},
  address = {San Francisco, California},
  month = oct # {~27--} # nov # {~1},
  organization = {IEEE Computer Society and ACM},
  pdf = {W/Wood-J-1996-vis.pdf},
  timestamp = {2006.07.24},
  url = {http://portal.acm.org/citation.cfm?id=245010&dl=ACM&coll=GUIDE&CFID=15151515&CFTOKEN=6184618}
}

@MISC{CIA-WFB-2006,
  author = {{CIA}},
  title = {The {W}orld {F}actbook},
  howpublished = {\url{https://www.cia.gov/cia/publications/factbook/},
	Central Intelligence Agency, Washington, DC, USA},
  year = {2006},
  timestamp = {2006.08.07},
  url = {https://www.cia.gov/cia/publications/factbook/}
}

@INPROCEEDINGS{Saya-A-2006-GISWS,
  author = {Ahmet Sayar and Marlon Pierce and Geoffrey Fox},
  title = {Integrating {AJAX} approach into {GIS} visualization web services},
  booktitle = {Proceedings of the Advanced International Conference on Telecommunications
	and International Conference on Internet and Web Applications and
	Services (AICT/ICIW 2006)},
  year = {2006},
  pages = {169--175},
  address = {Guadeloupe, French Caribbean},
  month = {19--25~} # feb,
  publisher = {IEEE Computer Society},
  doi = {http://doi.ieeecomputersociety.org/10.1109/AICT-ICIW.2006.114},
  pdf = {S/Saya-A-2006-GISWS.pdf},
  timestamp = {2006.08.07}
}

@TECHREPORT{Garr-JJ-2005-Ajax,
  author = {Jesse James Garrett},
  title = {Ajax: {A} new approach to web applications},
  institution = {Adaptive Path, LLC},
  year = {2005},
  type = {Web essay,
	\url{http://www.adaptivepath.com/publications/essays/archives/000385.php}},
  timestamp = {2006.08.07},
  url = {http://www.adaptivepath.com/publications/essays/archives/000385.php}
}

@ARTICLE{Bates-PC-1995-distdebug,
  author = {Peter C.\ Bates},
  title = {Debugging heterogeneous distributed systems using event-based models
	of behavior},
  journal = tocs,
  year = {1995},
  volume = {13},
  pages = {1--31},
  number = {1},
  month = feb,
  doi = {http://doi.acm.org/10.1145/200912.200913},
  pdf = {B/Bates-PC-1995-distdebug.pdf},
  timestamp = {2006.08.07}
}

@ARTICLE{Ensl-PH-1978-distributed,
  author = {P.\ H.\ Enslow},
  title = {What is a ``distributed'' data processing system},
  journal = ieeec,
  year = {1978},
  volume = {1},
  pages = {13--21},
  number = {1},
  month = jan,
  timestamp = {2006.08.07}
}

@comment{jabref-meta: selector_journal:}

@comment{jabref-meta: selector_author:}

@comment{jabref-meta: selector_keywords:}

@comment{jabref-meta: selector_publisher:}

