This file was created with JabRef 2.1 beta.
Encoding: ISO8859_1

@STRING{acj = {Australian Computer Journal}}

@STRING{acmcsur = {ACM Computing Surveys}}

@STRING{acmtocs = {ACM Transactions on Computing Systems}}

@STRING{acmtods = {ACM Transactions on Database Systems}}

@STRING{acmtois = {ACM Transactions on Information Systems}}

@STRING{acmtoit = {ACM Transactions on Internet Technology}}

@STRING{acmtosem = {ACM Transactions on Software Engineering and Methodology}}

@STRING{acmtweb = {ACM Transactions on the Web}}

@STRING{adt = {Application Development Trends}}

@STRING{ai = {Artificial Intelligence}}

@STRING{ajis = {Australian Journal of Information Systems}}

@STRING{bit = {Behaviour {\&} Information Technology}}

@STRING{cacm = {Communications of the ACM}}

@STRING{cj = {The Computer Journal}}

@STRING{database = {ACM SIGMIS Database}}

@STRING{dbms = {DBMS Magazine}}

@STRING{dbpd = {Database Programming {\&} Design}}

@STRING{develop = {{d}evelop, The Apple Technical Journal}}

@STRING{directions = {Apple Directions}}

@STRING{dke = {Data {\&} Knowledge Engineering}}

@STRING{ejis = {European Journal of Information Systems}}

@STRING{ibmjrd = {IBM Journal of Research and Development}}

@STRING{ibmsj = {IBM Systems Journal}}

@STRING{idt = {Internet Development Trends}}

@STRING{ieeeahc = {IEEE Annals of the History of Computing}}

@STRING{ieeec = {IEEE Computer}}

@STRING{ieeedeb = {IEEE Data Engineering Bulletin}}

@STRING{ieeeic = {IEEE Internet Computing}}

@STRING{ieeepc = {IEEE Pervasive Computing}}

@STRING{ieees = {IEEE Software}}

@STRING{ieeetnn = {IEEE Transactions on Neural Networks}}

@STRING{ieeetse = {IEEE Transactions on Software Engineering}}

@STRING{ijast = {International Journal of Applied Software Technology}}

@STRING{ijgis = {International Journal of Geographical Information Systems}}

@STRING{ijhcs = {International Journal of Human-Computer Studies}}

@STRING{ijmms = {International Journal of Man-Machine Studies}}

@STRING{ijseke = {International Journal of Software Engineering and Knowledge Engineering}}

@STRING{is = {Information Systems}}

@STRING{isj = {Information Systems Journal}}

@STRING{ist = {Information and Software Technology}}

@STRING{jacm = {Journal of the ACM}}

@STRING{jlp = {Journal of Logic Programming}}

@STRING{jot = {Journal of Object Technology}}

@STRING{jss = {Journal of Systems and Software}}

@STRING{lncs = {Lecture Notes in Computer Science}}

@STRING{misq = {MIS Quarterly}}

@STRING{nzjc = {New Zealand Journal of Computing}}

@STRING{nzjis = {New Zealand Journal of Information Systems}}

@STRING{oracle = {Oracle Magazine}}

@STRING{reg = {\scriptsize\textsuperscript{\textregistered}}}

@STRING{sej = {Software Engineering Journal}}

@STRING{sigmetrics = {ACM SIGMETRICS Performance Evaluation Review}}

@STRING{sigmod = {ACM SIGMOD Record}}

@STRING{sigplan = {ACM SIGPLAN Notices}}

@STRING{sigsoft = {ACM SIGSOFT Software Engineering Notes}}

@STRING{spe = {Software---Practice and Experience}}

@STRING{tkde = {IEEE Transactions on Knowledge and Data Engineering}}

@STRING{tm = {\scriptsize\texttrademark}}

@STRING{vldb = {The VLDB Journal}}

@TECHREPORT{NZG-2005-digital_strategy,
  author = {{New Zealand Government}},
  title = {The {D}igital {S}trategy: {C}reating our {D}igital {F}uture},
  institution = {New Zealand Government},
  year = {2005},
  type = {Policy document},
  month = may,
  pdf = {N/NZG-2005-digital_strategy.pdf},
  url = {\url{http://www.digitalstrategy.govt.nz/}}
}

@TECHREPORT{Rank-J-2005-feasibility,
  author = {John Rankin},
  title = {Institutional {R}epositories for the {R}esearch {S}ector},
  institution = {National Library of New Zealand},
  year = {2005},
  type = {Feasibility study},
  month = jul,
  pdf = {R/Rank-J-2005-feasibility.pdf},
  url = {\url{http://wiki.tertiary.govt.nz/~InstitutionalRepositories/Main/ReportOfFindings}}
}

@MISC{Sale-A-2005-NZIRW,
  author = {Arthur Sale},
  title = {The key things to know},
  howpublished = {Presented at the New {Z}ealand {I}nstitutional {R}epository {W}orkshop,
	Wellington, New Zealand},
  month = {23~} # nov,
  year = {2005},
  organization = {National Library of New Zealand},
  pdf = {S/Sale-A-2005-NZIRW.pdf},
  url = {\url{http://eprints.comp.utas.edu.au:81/archive/00000223/}}
}

@MISC{Sale-A-2006-stats,
  author = {Arthur Sale and Christian McGee},
  title = {Tasmania {S}tatistics {S}oftware},
  howpublished = {University of Tasmania},
  month = {12~} # feb,
  year = {2006},
  note = {Accessed on 26 September 2006.},
  timestamp = {2006.07.11},
  url = {\url{http://eprints.comp.utas.edu.au:81/archive/00000262/}}
}

@TECHREPORT{Stan-N-2006-running,
  author = {Nigel Stanger and Graham McGregor},
  title = {Hitting the ground running: {B}uilding {N}ew {Z}ealand's first publicly
	available institutional repository},
  institution = {Department of Information Science, University of Otago},
  year = {2006},
  type = {Discussion Paper},
  number = {2006/07},
  address = {Dunedin, New Zealand},
  month = mar,
  pdf = {S/Stan-N-2006-running.pdf},
  timestamp = {2006.07.11},
  url = {\url{http://eprints.otago.ac.nz/274/}}
}

@ARTICLE{Swan-A-2004-OA,
  author = {Alma Swan and Sheridan Brown},
  title = {Authors and open access publishing},
  journal = {Learned {P}ublishing},
  year = {2004},
  volume = {17},
  pages = {219--224},
  number = {3},
  month = jul,
  doi = {doi:10.1087/095315104323159649},
  pdf = {S/Swan-A-2004-OA.pdf},
  timestamp = {2006.03.01}
}

@MISC{EPri-O-2005-SelfFAQ,
  author = {{eprints.org}},
  title = {Self-archiving {FAQ}},
  howpublished = {Web page},
  year = {2005},
  note = {Accessed on 26 September 2006.},
  url = {\url{http://www.eprints.org/openaccess/self-faq/}}
}

@INPROCEEDINGS{Harn-S-2005-research,
  author = {Stevan Harnad},
  title = {Australia is not maximising the return on its research investment},
  booktitle = {19th {R}oundtable of the {N}ational {S}cholarly {C}ommunications
	{F}orum},
  year = {2005},
  editor = {Colin Steele},
  address = {Sydney, Australia},
  month = {27~} # sep,
  organization = {The Australian Academy of the Humanities},
  pdf = {H/Harn-S-2005-research.pdf},
  timestamp = {2006.01.31},
  url = {\url{http://eprints.comp.utas.edu.au:81/archive/00000204/}}
}

@ARTICLE{Hajj-C-2005-citation,
  author = {Chawki Hajjem and Stevan Harnad and Yves Gingras},
  title = {Ten-year cross-disciplinary comparison of the growth of open access
	and how it increases research citation impact},
  journal = ieeedeb,
  year = {2005},
  volume = {28},
  pages = {39--46},
  number = {4},
  month = dec,
  pdf = {H/Hajj-C-2005-citation.pdf},
  url = {\url{http://sites.computer.org/debull/A05dec/hajjem.pdf}}
}

@MISC{Hopk-M-2006,
  author = {Michael Hopkin},
  title = {Family albums highlight climate change},
  howpublished = {Web article, news@nature.com},
  month = {9~} # aug,
  year = {2006},
  note = {Accessed on 27 September 2006. The study by Miller-Rushing et al.\
	is currently in press with the \emph{American Journal of Botany}
	and will be published shortly.},
  doi = {doi:10.1038/news060807-10},
  timestamp = {2006.09.28},
  url = {http://www.nature.com/news/2006/060807/full/060807-10.html}
}

@INCOLLECTION{Swan-A-2006-OAchapter,
  author = {Alma Swan},
  title = {The culture of {O}pen {A}ccess: researchers' views and responses},
  booktitle = {Open Access: Key Strategic, Technical and Economic Aspects},
  publisher = {Chandos Publishing},
  year = {2006},
  editor = {Neil Jacobs},
  chapter = {7},
  pages = {52--59},
  address = {Oxford, UK},
  pdf = {S/Swan-A-2006-OAchapter.pdf},
  timestamp = {2006.09.26},
  url = {http://eprints.ecs.soton.ac.uk/12428/}
}

@INCOLLECTION{Sale-A-2006-OAchapter,
  author = {Arthur Sale},
  title = {Researchers and institutional repositories},
  booktitle = {Open Access: Key Strategic, Technical and Economic Aspects},
  publisher = {Chandos Publishing},
  year = {2006},
  editor = {Neil Jacobs},
  chapter = {9},
  pages = {87--100},
  address = {Oxford, UK},
  pdf = {S/Sale-A-2006-OAchapter.pdf},
  timestamp = {2006.09.26},
  url = {http://eprints.comp.utas.edu.au:81/archive/00000257/}
}

@comment{jabref-meta: selector_journal:}

@comment{jabref-meta: selector_author:}

@comment{jabref-meta: selector_keywords:}

@comment{jabref-meta: selector_publisher:}

