This file was created with JabRef 1.7.
Encoding: ISO8859_1

@STRING{ACJ = {Australian Computer Journal}}

@STRING{ADT = {Application Development Trends}}

@STRING{AI = {Artificial Intelligence}}

@STRING{AJIS = {Australian Journal of Information Systems}}

@STRING{CACM = {Communications of the ACM}}

@STRING{CJ = {The Computer Journal}}

@STRING{Database = {ACM SIGMIS Database}}

@STRING{DBMS = {DBMS Magazine}}

@STRING{DBPD = {Database Programming {\&} Design}}

@STRING{develop = {{d}evelop, The Apple Technical Journal}}

@STRING{Directions = {Apple Directions}}

@STRING{DKE = {Data {\&} Knowledge Engineering}}

@STRING{EJIS = {European Journal of Information Systems}}

@STRING{IDT = {Internet Development Trends}}

@STRING{IJAST = {International Journal of Applied Software Technology}}

@STRING{IJGIS = {International Journal of Geographical Information Systems}}

@STRING{IJHCS = {International Journal of Human-Computer Studies}}

@STRING{IJMMS = {International Journal of Man-Machine Studies}}

@STRING{IJSEKE = {International Journal of Software Engineering and Knowledge Engineering}}

@STRING{IS = {Information Systems}}

@STRING{ISJ = {Information Systems Journal}}

@STRING{IST = {Information and Software Technology}}

@STRING{JACM = {Journal of the ACM}}

@STRING{JLP = {Journal of Logic Programming}}

@STRING{JOT = {Journal of Object Technology}}

@STRING{JSS = {Journal of Systems and Software}}

@STRING{LNCS = {Lecture Notes in Computer Science}}

@STRING{MISQ = {MIS Quarterly}}

@STRING{NZJC = {New Zealand Journal of Computing}}

@STRING{NZJIS = {New Zealand Journal of Information Systems}}

@STRING{Oracle = {Oracle Magazine}}

@STRING{Reg = {{\scriptsize\textsuperscript{\textregistered}}}}

@STRING{SEJ = {Software Engineering Journal}}

@STRING{SIGMOD = {ACM SIGMOD Record}}

@STRING{SPE = {Software---Practice and Experience}}

@STRING{Surveys = {ACM Computing Surveys}}

@STRING{TKDE = {IEEE Transactions on Knowledge and Data Engineering}}

@STRING{TM = {{\scriptsize\texttrademark}}}

@STRING{TODS = {ACM Transactions on Database Systems}}

@STRING{TOSE = {IEEE Transactions on Software Engineering}}

@STRING{VLDB = {The VLDB Journal}}

@BOOK{Ambl-SW-2004-ObjPrimer3,
  title = {The Object Primer: Agile Model-Driven Development with UML 2.0},
  publisher = {Cambridge University Press},
  year = {2004},
  author = {Scott W. Ambler},
  address = {New York, USA},
  edition = {Third},
  isbn = {0521540186},
  owner = {nstanger},
}

@BOOK{Ambl-SW-2003-ADT,
  title = {Agile Database Techniques: Effective Strategies for the Agile Software Developer},
  publisher = {John Wiley \& Sons},
  year = {2003},
  author = {Scott W. Ambler},
  series = {Wiley Application Development Series},
  address = {New York, USA},
  isbn = {0471202835},
  owner = {nstanger},
}

@BOOK{Ambl-SW-1998-BOA,
  title = {Building Object Applications That Work: Your Step-By-Step Handbook for Developing Robust Systems with Object Technology},
  publisher = {Cambridge University Press},
  year = {1998},
  author = {Scott W. Ambler},
  address = {New York, USA},
  isbn = {0521648262},
  owner = {nstanger},
}

@ARTICLE{Bato-DS-1985,
  author = {Don S. Batory},
  title = {Modeling the storage architectures of commercial database systems},
  journal = TODS,
  year = {1985},
  volume = {10},
  pages = {463--528},
  number = {4},
  month = dec,
  doi = {doi:10.1145/4879.5392},
}

@BOOK{BeDa-P-2003,
  title = {Database Systems},
  publisher = {Macmillan},
  year = {2003},
  author = {Paul Beynon-Davies},
  edition = {Third},
  isbn = {1403916012},
}

@ARTICLE{BeDa-P-1992-PDD,
  author = {Paul Beynon-Davies},
  title = {Using an entity model to drive physical database design},
  journal = IST,
  year = {1992},
  volume = {34},
  pages = {804--812},
  number = {12},
  month = dec,
  doi = {doi:10.1016/0950-5849(92)90122-6},
}

@ARTICLE{Codd-EF-1970,
  author = {Edgar F. Codd},
  title = {A relational model of data for large shared data banks},
  journal = CACM,
  year = {1970},
  volume = {13},
  pages = {377--387},
  number = {6},
  month = jun,
  doi = {doi:10.1145/362384.362685},
}

@BOOK{Conn-TM-2002,
  title = {Database Systems: A Practical Approach to Design, Implementation and Management},
  publisher = {Addison-Wesley},
  year = {2002},
  author = {Thomas M. Connolly and Carolyn E. Begg},
  series = {International Computer Science Series},
  address = {Harlow, Essex, UK},
  edition = {Third},
  isbn = {0201708574},
}

@BOOK{Core-MJ-1997-OracleDW,
  title = {Oracle Data Warehousing: A Practical Guide to Successful Data Warehouse Analysis, Build, and Roll-Out},
  publisher = {Oracle Press/Osborne McGraw-Hill},
  year = {1997},
  author = {Michael J. Corey and Michael Abbey},
  series = {The Authorized Oracle Press} # TM # { Editions},
  address = {Berkeley, California, USA},
}

@BOOK{Gane-C-1979,
  title = {Structured Systems Analysis: Tools and Techniques},
  publisher = {Prentice-Hall},
  year = {1979},
  author = {Chris Gane and Trish Sarson},
  series = {Prentice-Hall Software Series},
  address = {Englewood Cliffs, New Jersey, USA},
  isbn = {0-13-854547-2},
}

@BOOK{Knut-DE-1997-Art,
  title = {The Art of Computer Programming},
  publisher = {Addison-Wesley},
  year = {1997},
  author = {Donald Ervin Knuth},
  volume = {3: Sorting and Searching},
  address = {Reading, Massachusetts, USA},
  edition = {Third},
  isbn = {0201896834},
}

@BOOK{Mart-J-1990-IE2,
  title = {Information Engineering, Book II: Planning and Analysis},
  publisher = {Prentice-Hall},
  year = {1990},
  author = {Martin, James},
  address = {Englewood Cliffs, New Jersey, USA},
  edition = {revised},
  isbn = {0-13-464885-4},
}

@BOOK{Naib-EJ-2001-UMLDD,
  title = {UML for Database Design},
  publisher = {Addison-Wesley},
  year = {2001},
  author = {Eric J. Naiburg and Robert A. Maksimchuk},
  series = {Addison-Wesley Object Technology Series},
  address = {Reading, Massachusetts, USA},
  isbn = {0201721635},
  owner = {nstanger},
}

@ARTICLE{Roti-S-1996,
  author = {Steve Roti},
  title = {Indexing and access mechanisms},
  journal = DBMS,
  year = {1996},
  volume = {9},
  pages = {65--68},
  number = {5},
  month = may,
}

@BOOK{Silb-A-2002-4E,
  title = {Database System Concepts},
  publisher = {McGraw-Hill},
  year = {2002},
  author = {Abraham Silberschatz and Henry F. Korth and S. Sudarshan},
  address = {Boston, USA},
  edition = {Fourth},
  isbn = {0072283637},
}

@BOOK{Tuft-ER-1997,
  title = {Visual Explanations: Images and Quantities, Evidence and Narrative},
  publisher = {Graphics Press},
  year = {1997},
  author = {Edward R. Tufte},
  address = {Cheshire, Connecticut, USA},
  isbn = {0961392126},
}

@BOOK{Will-J-1992,
  title = {Database Design and Construction: An Open Learning Course for Students and Information Managers},
  publisher = {Library Association Publishing},
  year = {1992},
  author = {John Willits},
  address = {London, UK},
}

@BOOK{Tsic-D-1978,
  title = {The ANSI/SPARC/X3 DBMS framework},
  publisher = {AFIPS Press},
  year = {1978},
  editor = {Tsichritzis, D. and Klug, A.},
}

@TECHREPORT{Pill-A-2005-DP,
  author = {Antonia Pillay and Nigel Stanger},
  title = {A {G}raphical {N}otation for {P}hysical {D}atabase {M}odelling},
  institution = {University of Otago},
  year = {2005},
  type = {Information Science Discussion Paper},
  number = {2005/06},
  month = jun,
}

@INPROCEEDINGS{Ceri-S-1982-partition,
  author = {Stefano Ceri and Mauro Negri and Giuseppe Pelagatti},
  title = {Horizontal data partitioning in database design},
  booktitle = {Proceedings of the 1982 ACM SIGMOD International Conference on Management of Data},
  year = {1982},
  editor = {Mario Schkolnick},
  pages = {128--136},
  address = {Orlando, Florida, USA},
  month = jun # {~2--4},
  publisher = {ACM Press},
  doi = {doi:10.1145/582353.582376},
}

@ARTICLE{Pete-W-1957-hash,
  author = {W. W. Peterson},
  title = {Addresssing for random access storage},
  journal = {IBM Journal of Research and Development},
  year = {1957},
  volume = {1},
  pages = {130--146},
  number = {2},
}

@INPROCEEDINGS{Onei-PE-1987-bitmap,
  author = {Patrick E. O'Neil},
  title = {Model 204: {A}rchitecture and performance},
  booktitle = {High Performance Transaction Systems, Second International Workshop},
  year = {1987},
  editor = {Dieter Gawlick and Mark N. Haynie and Andreas Reuter},
  volume = {359},
  series = {Lecture Notes in Computer Science},
  pages = {40--59},
  address = {Pacific Grove, California, USA},
  month = sep # {~28--30},
  publisher = {Springer},
}

@BOOK{Shas-DE-2003-tuning,
  title = {Database Tuning: Principles, Experiments, and Troubleshooting Techniques},
  publisher = {Morgan Kaufmann},
  year = {2003},
  author = {Dennis E. Shasha and Philippe Bonnet},
  address = {San Francisco, California, USA},
  isbn = {1558607536},
}
