@techreport{Brown.A-2006a-Automatic,
	Address = {London, UK},
	Author = {Adrian Brown},
	Institution = {The National Archives},
	Month = {7~} # mar,
	Number = {DPTP-01},
	Title = {Automatic Format Identification Using PRONOM and DROID},
	Type = {Digital Preservation Technical Paper},
	Url = {http://www.nationalarchives.gov.uk/aboutapps/fileformat/pdf/automatic\_format\_identification.pdf},
	Year = {2006}}

@techreport{Brown.A-2006a-PRONOM,
	Address = {London, UK},
	Author = {Adrian Brown},
	Institution = {The National Archives},
	Month = {27~} # jul,
	Number = {DPTP-02},
	Title = {The PRONOM Unique Identifier Scheme},
	Type = {Digital Preservation Technical Paper},
	Url = {http://www.nationalarchives.gov.uk/aboutapps/pronom/pdf/pronom\_unique\_identifier\_scheme.pdf},
	Year = {2006}}

@misc{Cerf.V-2015a-Digital,
	Author = {Vinton Cerf},
	Howpublished = {Presentation at the American Association for the Advancement of Science 2015 Annual Meeting, San Jose, California, USA},
	Month = {13~} # feb,
	Title = {Digital vellum},
	Url = {https://aaas.confex.com/aaas/2015/webprogram/Paper14064.html},
	Year = {2015}}

@techreport{Gillespie.J-2004a-Coping,
	Address = {Sydney, Australia},
	Author = {Julian Gillespie and Patrick Fair and Adrian Lawrence and David Vaile},
	Institution = {Cyberspace Law {\&} Policy Centre, University of New South Wales},
	Note = {Accessed on 12 May 2015},
	Title = {Coping when everything is digital? {D}igital documents and issues in document retention},
	Type = {White paper},
	Url = {http://www.cyberlawcentre.org/ddr/},
	Year = {2004}}

@misc{JHOVE-2009a,
	Author = {{JHOVE}},
	Note = {Accessed on 12 May 2015},
	Title = {{JSTOR}/{H}arvard {O}bject {V}alidation {E}nvironment},
	Url = {http://hul.harvard.edu/jhove/},
	Year = {2009}}

@article{Kolowich.S-2009a-Archiving,
	Author = {Steve Kolowich},
	Journal = {The Chronicle of Higher Education},
	Month = apr # {~10},
	Note = {Accessed on 12 May 2015},
	Title = {Archiving writers' work in the age of e-mail},
	Url = {http://chronicle.com/article/Archiving-Writers-Work-in/22770},
	Year = {2009}}

@inproceedings{Li.Q-2010a-SVM,
	Author = {Qiming Li and Alvin Y. Ong and Ponnuthurai N. Suganthan and Vrizlynn L. L. Thing},
	Crossref = {WDFIA-2010a-Proceedings},
	Title = {A novel support vector machine approach to high entropy data fragment classification},
	Url = {http://isis.poly.edu/~qiming/publications/wdfia10.pdf}}

@misc{Microsoft-2014a-Word2013,
	Author = {{Microsoft Corporation}},
	Note = {Accessed on 12 May 2015},
	Title = {File formats that are supported in {W}ord 2013},
	Url = {https://technet.microsoft.com/en-us/library/dd797428(v=office.15).aspx\#section1},
	Year = {2014}}

@inproceedings{Mokhov.S-2008a-File,
	Author = {Serguei A. Mokhov and Mourad Debbabi},
	Bibsource = {DBLP, http://dblp.uni-trier.de},
	Crossref = {Gobel.O-2008a-IMF},
	Pages = {73--86},
	Title = {File type analysis using signal processing techniques and machine learning vs.\ file {U}nix utility for forensic analysis},
	Url = {http://subs.emis.de/LNI/Proceedings/Proceedings140/gi-proc-140-007.pdf}}

@article{Mount.R-2009a-Data,
	Author = {Richard Mount},
	Journal = {Ariadne},
	Month = jan,
	Note = {Accessed on 12 May 2015},
	Number = {58},
	Title = {Data preservation and long-term analysis in high-energy physics},
	Url = {http://www.ariadne.ac.uk/issue58/dplta-hep-rpt/},
	Year = {2009}}
	
@misc{NatLib.NZ-2007a-Metadata,
	Author = {{National Library of New Zealand}},
	Date-Added = {2017-05-08 09:45:26 +0000},
	Date-Modified = {2017-05-08 09:46:27 +0000},
	Note = {Accessed on 12 May 2015},
	Title = {Metadata {E}xtraction {T}ool},
	Url = {http://meta-extractor.sourceforge.net/},
	Year = {2007}}

@article{Pringle.H-2010a-NASA,
	Author = {Heather Pringle},
	Doi = {10.1126/science.327.5971.1322},
	Journal = {Science},
	Month = mar,
	Number = {5971},
	Pages = {1322--1323},
	Title = {{NASA} dives into its past to retrieve vintage satellite data},
	Volume = {327},
	Year = {2010}}

@inproceedings{Roussev.V-2009a-File,
	Author = {Vassil Roussev and Simson L. Garfinkel},
	Bibsource = {DBLP, http://dblp.uni-trier.de},
	Crossref = {SADFE-2009a-Proceedings},
	Doi = {10.1109/SADFE.2009.21},
	Pages = {3--14},
	Title = {File fragment classification---{T}he case for specialized approaches},
	Year = {2009}}

# Crossrefs

@proceedings{Gobel.O-2008a-IMF,
	Address = {Mannheim, Germany},
	Bibsource = {DBLP, http://dblp.uni-trier.de},
	Booktitle = {Proceedings of the 2008 Conference on IT-Incidents Management and IT-Forensics (IMF 2008)},
	Editor = {Oliver G{\"o}bel and Sandra Frings and Detlef G{\"u}nther and Jens Nedon and Dirk Schadt},
	Isbn = {978-3-88579-234-5},
	Month = sep # {~23-25},
	Publisher = {Gesellschaft f{\"u}r Informatik---GI (German Computer Society)},
	Series = {Lecture Notes in Informatics},
	Title = {Proceedings of the 2008 Conference on IT-Incidents Management and IT-Forensics (IMF 2008)},
	Volume = {140},
	Year = {2008}}

@proceedings{SADFE-2009a-Proceedings,
	Address = {Berkeley, California, USA},
	Bibsource = {DBLP, http://dblp.uni-trier.de},
	Booktitle = {Proceedings of the Fourth International IEEE Workshop on Systematic Approaches to Digital Forensic Engineering (SADFE 2009)},
	Isbn = {978-0-7695-3792-4},
	Month = may # {~21},
	Publisher = {IEEE Computer Society},
	Title = {Proceedings of the Fourth International IEEE Workshop on Systematic Approaches to Digital Forensic Engineering (SADFE 2009)},
	Year = {2009}}

@proceedings{WDFIA-2010a-Proceedings,
	Address = {Port Elizabeth, South Africa},
	Booktitle = {Proceedings of the Fifth Annual Workshop on Digital Forensics and Incident Analysis (WDFIA)},
	Date-Added = {2011-05-13 15:54:22 +1200},
	Date-Modified = {2011-05-13 15:55:34 +1200},
	Month = {17--18~} # may,
	Title = {Proceedings of the Fifth Annual Workshop on Digital Forensics and Incident Analysis (WDFIA)},
	Year = {2010}}
